%
%  Vzor bibliografické databáze pro automatickou tvorbu seznamu referencí
%  pomocí BibTeXu
%
%  Doporučený software pro správu databáze literatury formátu *.bib:
%    JabRef, http://jabref.sourceforge.net/
%
%  POZOR:
%
%    *  Písmena v názvech publikací, jež je třeba tisknout vždy velká, se musejí psát
%       do složených závorek ({T}hailand, {HIV})
%
%  ===========================================================================

@misc{CSharpDocs,
	title = {{D}okumentace jazyka {C\#}},
	howpublished = {\url{https://docs.microsoft.com/en-us/dotnet/csharp}},
	note = "[Online; citováno 2021-07-14]"
}

@misc{AspNetDocs,
	title = {{D}okumentace frameworku {ASP .NET C}ore},
	howpublished = {\url{https://docs.microsoft.com/en-us/aspnet/core}},
	note = "[Online; citováno 2021-07-14]"
}
